<?xml version="1.0" encoding="UTF-8"?><record xmlns="http://www.loc.gov/MARC21/slim" xmlns:cinclude="http://apache.org/cocoon/include/1.0" xmlns:zs="http://www.loc.gov/zing/srw/">
  <leader>00552cz  a2200145n  4500</leader>
  <controlfield tag="001">no2010183717</controlfield>
  <controlfield tag="003">DLC</controlfield>
  <controlfield tag="005">20101216075326.0</controlfield>
  <controlfield tag="008">101110n| acannaabn          |a aaa     c</controlfield>
  <datafield tag="010" ind1=" " ind2=" ">
    <subfield code="a">no2010183717</subfield>
  </datafield>
  <datafield tag="035" ind1=" " ind2=" ">
    <subfield code="a">(OCoLC)oca08683488</subfield>
  </datafield>
  <datafield tag="040" ind1=" " ind2=" ">
    <subfield code="a">NcU</subfield>
    <subfield code="b">eng</subfield>
    <subfield code="c">NcU</subfield>
    <subfield code="d">DLC</subfield>
  </datafield>
  <datafield tag="100" ind1="1" ind2=" ">
    <subfield code="a">Broilo, E. V.</subfield>
    <subfield code="q">(Elena Valerʹevna)</subfield>
  </datafield>
  <datafield tag="400" ind1="1" ind2=" ">
    <subfield code="a">Broilo, Elena Valerʹevna</subfield>
  </datafield>
  <datafield tag="670" ind1=" " ind2=" ">
    <subfield code="a">Metodologii︠a︡ antikrizisnogo upravlenii︠a︡ ustoĭchivym razvitiem predprinimatelʹskikh struktur Severo-zapadnogo regiona, 2008:</subfield>
    <subfield code="b">t.p. (E.V. Broilo) colophon (Elena Valerʹevna Broilo)</subfield>
  </datafield>
</record>